@INPROCEEDINGS{Teregowda:cloud, 
	author={Teregowda, P. and Urgaonkar, B. and Giles, C.L.}, 
	booktitle={Cloud Computing (CLOUD), 2010 IEEE 3rd International Conference}, 
	title={Cloud Computing: A Digital Libraries Perspective}, 
	year={2010}, 
	pages={115-122}, 
	keywords={Internet;citation analysis;digital libraries;indexing;information retrieval;meta data;search engines;virtual storage;CiteSeer;Cloud computing;Web based digital library search engines;ad-hoc virtualized storage system;autonomous citation indexing;cloud infrastructure services;extensive document metadata;full text indexing;information retrieval systems;infrastructure virtualization;Cloud computing;Clouds;Crawlers;Engines;Indexes;Maintenance engineering;CiteSeer;Cloud Computing;Digital Libraries;Economics;SeerSuite;Virtualization}, 
	doi={10.1109/CLOUD.2010.49},}

@ARTICLE{Rosenthal:preservation,
	AUTHOR = "Rosenthal D. and Vargas D.",
	TITLE = "Distributed Digital Preservation in the Cloud",
	JOURNAL = {The International Journal of Digital Curation},
	VOLUME = {8},
	NUMBER = {1},
	PAGES = {107-119},
	YEAR = {2013}}
	
@manual{HTRC,
    title  = "Hathitrust Research Center",
    author = "",
    note   = "\url{http://www.hathitrust.org/htrc}",
}

@manual{EC2,
    title  = "Amazon EC2",
    author = "",
    note   = "\url{http://aws.amazon.com/ec2/}",
}

@manual{OpenStack,
    title  = "OpenStack",
    author = "",
    note   = "\url{http://www.openstack.org/}",
}

@manual{Example,
    title  = "",
    author = "",
    note   = "\url{http://news.stanford.edu/news/2010/december/jockers-digitize-texts-120110.html}",
}

@manual{BookSettlement,
    title  = "Google Settlement Agreement",
    author = "",
    note   = "\url{http://books.google.com/booksrightsholders}",
}

@manual{OAuth2,
    title  = "OAuth 2.0",
    author = "",
    note   = "\url{http://oauth.net/2/}",
}

@techreport{Armbrust:EECS-2009-28,
    Author = {Armbrust, Michael and Fox, Armando and Griffith, Rean and Joseph, Anthony D. and Katz, Randy H. and Konwinski, Andrew and Lee, Gunho and Patterson, David A. and Rabkin, Ariel and Stoica, Ion and Zaharia, Matei},
    Title = {Above the Clouds: A Berkeley View of Cloud Computing},
    Institution = {EECS Department, University of California, Berkeley},
    Year = {2009},
    Month = {Feb},
    URL = {http://www.eecs.berkeley.edu/Pubs/TechRpts/2009/EECS-2009-28.html},
    Number = {UCB/EECS-2009-28},
}

@inproceedings{Borders:2009:PCD:1855768.1855791,
	author = {Borders, Kevin and Weele, Eric Vander and Lau, Billy and Prakash, Atul},
	title = {Protecting Confidential Data on Personal Computers with Storage Capsules},
	booktitle = {Proceedings of the 18th Conference on USENIX Security Symposium},
	series = {SSYM'09},
	year = {2009},
	location = {Montreal, Canada},
	pages = {367--382},
	numpages = {16},
	url = {http://dl.acm.org/citation.cfm?id=1855768.1855791},
	acmid = {1855791},
	publisher = {USENIX Association},
	address = {Berkeley, CA, USA},
} 

@inproceedings{Nurmi:2009:EOC:1577849.1577895,
	author = {Nurmi, Daniel and Wolski, Rich and Grzegorczyk, Chris and Obertelli, Graziano and Soman, Sunil and Youseff, Lamia and Zagorodnov, Dmitrii},
	title = {The Eucalyptus Open-Source Cloud-Computing System},
	booktitle = {Proceedings of the 2009 9th IEEE/ACM International Symposium on Cluster Computing and the Grid},
	series = {CCGRID '09},
	year = {2009},
	isbn = {978-0-7695-3622-4},
	pages = {124--131},
	numpages = {8},
	acmid = {1577895},
	publisher = {IEEE Computer Society},
	address = {Washington, DC, USA},
	keywords = {cloud computing, virtualization},
}

@INPROCEEDINGS{Sempolinski:cloud, 
	author={Sempolinski, P. and Thain, D.}, 
	booktitle={Cloud Computing Technology and Science (CloudCom), 2010 IEEE Second International Conference on}, 
	title={A Comparison and Critique of Eucalyptus, OpenNebula and Nimbus}, 
	year={2010}, 
	pages={417-426}, 
	keywords={cloud computing;virtual machines;Eucalyptus;Nimbus;OpenNebula;clean abstractions;cloud management frameworks;infrastructure-as-a-service;network configuration;open-source cloud computing software platforms;software components;virtual machines;Cloud computing;Hardware;IP networks;Open source software;Virtual machine monitors;Virtual machining;Cloud;Eucalyptus;Nimbus;OpenNebula;Survey;Virtual Machine}, 
}

@inproceedings{vonLaszewski:2012:CMC:2353730.2353779,
	author = {von Laszewski, Gregor and Diaz, Javier and Wang, Fugang and Fox, Geoffrey C.},
	title = {Comparison of Multiple Cloud Frameworks},
	booktitle = {Proceedings of the 2012 IEEE Fifth International Conference on Cloud Computing},
	series = {CLOUD '12},
	year = {2012},
	isbn = {978-0-7695-4755-8},
	pages = {734--741},
	numpages = {8},
	url = {http://dx.doi.org/10.1109/CLOUD.2012.104},
	doi = {10.1109/CLOUD.2012.104},
	acmid = {2353779},
	publisher = {IEEE Computer Society},
	address = {Washington, DC, USA},
	keywords = {Cloud, Grid, Nimbus, Eucalyptus, OpenStack, OpenNebula, RAIN, FutureGrid},
} 

@article {LDA,
	title = {Opportunities and Challenges of Text Mining HathiTrust Digital Library},
	year = {2013},
	month = {11/2013},
	keywords = {htrc, text mining},
	url = {http://d2i.indiana.edu/sites/default/files/kb-plalehtrc-nov2013.pptx.pdf},
	author = {Plale, Beth}
}






