@inproceedings{migration-clark,
 author = {Clark, Christopher and Fraser, Keir and Hand, Steven and Hansen, Jacob Gorm and Jul, Eric and Limpach, Christian and Pratt, Ian and Warfield, Andrew},
 title = {{Live Migration of Virtual Machines}},
 booktitle = {Proceedings of the 2nd Symposium on Networked Systems Design \& Implementation - Volume 2},
 series = {NSDI'05},
 year = {2005},
 pages = {273--286},
 numpages = {14},
 url = {http://dl.acm.org/citation.cfm?id=1251203.1251223},
 acmid = {1251223},
 publisher = {USENIX Association},
 address = {Berkeley, CA, USA},
}

@inproceedings{capsules-borders,
 author = {Borders, Kevin and Weele, Eric Vander and Lau, Billy and Prakash, Atul},
 title = {{Protecting Confidential Data on Personal Computers with Storage Capsules}},
 booktitle = {Proceedings of the 18th USENIX Security Symposium},
 series = {SSYM'09},
 year = {2009},
 location = {Montreal, Canada},
 pages = {367--382},
 numpages = {16},
 url = {http://dl.acm.org/citation.cfm?id=1855768.1855791},
 acmid = {1855791},
 publisher = {USENIX Association},
 address = {Berkeley, CA, USA},
} 

@inproceedings{histar,
 author = {Zeldovich, Nickolai and Boyd-Wickizer, Silas and Kohler, Eddie and Mazi\`{e}res, David},
 title = {{Making Information Flow Explicit in HiStar}},
 booktitle = {Proceedings of the 7th Symposium on Operating Systems Design and Implementation},
 series = {OSDI '06},
 year = {2006},
 isbn = {1-931971-47-1},
 location = {Seattle, Washington},
 pages = {263--278},
 numpages = {16},
 url = {http://dl.acm.org/citation.cfm?id=1298455.1298481},
 acmid = {1298481},
 publisher = {USENIX Association},
 address = {Berkeley, CA, USA},
}

@inproceedings{sel4,
 author = {Klein, Gerwin and Elphinstone, Kevin and Heiser, Gernot and Andronick, June and Cock, David and Derrin, Philip and Elkaduwe, Dhammika and Engelhardt, Kai and Kolanski, Rafal and Norrish, Michael and Sewell, Thomas and Tuch, Harvey and Winwood, Simon},
 title = {{seL4: Formal Verification of an OS Kernel}},
 booktitle = {Proceedings of the ACM SIGOPS 22nd Symposium on Operating Systems Principles},
 series = {SOSP '09},
 year = {2009},
 isbn = {978-1-60558-752-3},
 location = {Big Sky, Montana, USA},
 pages = {207--220},
 numpages = {14},
 url = {http://doi.acm.org/10.1145/1629575.1629596},
 doi = {10.1145/1629575.1629596},
 acmid = {1629596},
 publisher = {ACM},
 address = {New York, NY, USA},
 keywords = {isabelle/hol, l4, microkernel, sel4},
} 

@INPROCEEDINGS{sel4-secure, 
author={Murray, T. and Matichuk, D. and Brassil, M. and Gammie, P. and Bourke, T. and Seefried, S. and Lewis, C. and Xin Gao and Klein, G.}, 
booktitle={2013 IEEE Symposium on Security and Privacy (S\&P)}, 
title={{seL4: From General Purpose to a Proof of Information Flow Enforcement}}, 
year={2013}, 
month={May}, 
pages={415-429}, 
keywords={formal verification;inference mechanisms;operating system kernels;program compilers;security of data;assembly code;boot code;compiler;formal verification;hardware;information flow enforcement;information flow security;machine-checked verification;mathematical reasoning;seL4 general-purpose microkernel;security vulnerability;separation kernel;formal verification;information flow control}, 
doi={10.1109/SP.2013.35}, 
ISSN={1081-6011},}

@inproceedings{OKL4,
 author = {Heiser, Gernot and Leslie, Ben},
 title = {{The OKL4 Microvisor: Convergence Point of Microkernels and Hypervisors}},
 booktitle = {Proceedings of the First ACM Asia-Pacific Workshop on Systems},
 series = {APSys '10},
 year = {2010},
 isbn = {978-1-4503-0195-4},
 location = {New Delhi, India},
 pages = {19--24},
 numpages = {6},
 url = {http://doi.acm.org/10.1145/1851276.1851282},
 doi = {10.1145/1851276.1851282},
 acmid = {1851282},
 publisher = {ACM},
 address = {New York, NY, USA},
 keywords = {embedded systems, hypervisors, microkernels, real-time systems, virtual machines},
} 

@article{digital-universe,
  title={{The digital universe in 2020: Big data, bigger digital shadows, and biggest growth in the far east}},
  author={Gantz, John and Reinsel, David},
  journal={IDC iView: IDC Analyze the Future},
  year={2012}
}

@article{tpm,
  title={{The ten page introduction to Trusted Computing}},
  author={Martin, Andrew and others},
  journal={Computing Laboratory, Oxford University Oxford},
  year={2008}
}

@misc{vrdc,
author = {{Centers for Medicare and Medicaid Services}},
title = {{CMS Virtual Research Data Center}},
howpublished = {\url{http://www.resdac.org/cms-data/request/cms-virtual-research-data-center}},
note = {Accessed July 2014}
}

@misc{census-rdc,
author = {{United States Census Bureau}},
title = {{Census Bureau Research Data Centers}},
howpublished = {\url{http://www.census.gov/ces/rdcresearch/roleofrdcs.html}},
note = {Accessed July 2014}
}

@misc{selinux,
author = {{National Security Agency}},
title = {{Security-Enhanced Linux}},
howpublished = {\url{http://www.nsa.gov/research/selinux/}},
note = {Accessed July 2014}
}

@misc{qubes,
author = {{Invisible Things Lab}},
title = {{The Qubes OS Project}},
howpublished = {\url{http://wiki.qubes-os.org}},
note = {Accessed July 2014}
}

@misc{cloudinit,
author = {{Canonical Ltd.}},
title = {{Init scripts for use on cloud images}},
howpublished = {\url{https://launchpad.net/cloud-init}},
note = {Accessed July 2014}
}
